<?xml version="1.0" encoding="UTF-8"?><record xmlns="http://www.loc.gov/MARC21/slim" xmlns:cinclude="http://apache.org/cocoon/include/1.0" xmlns:zs="http://www.loc.gov/zing/srw/">
  <leader>00602nz  a2200133n  4500</leader>
  <controlfield tag="001">n  90623497 </controlfield>
  <controlfield tag="003">DLC</controlfield>
  <controlfield tag="005">19900322154459.4</controlfield>
  <controlfield tag="008">900322n| acannaab|          |a and |||  </controlfield>
  <datafield tag="010" ind1=" " ind2=" ">
    <subfield code="a">n  90623497 </subfield>
  </datafield>
  <datafield tag="040" ind1=" " ind2=" ">
    <subfield code="a">DLC</subfield>
    <subfield code="c">DLC</subfield>
  </datafield>
  <datafield tag="110" ind1="2" ind2="0">
    <subfield code="a">CODATA.</subfield>
    <subfield code="b">Task Group on the Thermophysical Properties of Solids</subfield>
  </datafield>
  <datafield tag="410" ind1="2" ind2="0">
    <subfield code="a">Task Group on the Thermophysical Properties of Solids, CODATA</subfield>
  </datafield>
  <datafield tag="670" ind1=" " ind2=" ">
    <subfield code="a">nuc90-19983: Minges, M.L. Evaluation of thermophysical property ... 1986</subfield>
    <subfield code="b">(hdg. on MCM rept.: CODATA. Task Group on the Thermophysical Properties of Solids; usage: CODATA Task Group on the Thermophysical Properties of Solids)</subfield>
  </datafield>
</record>